@Book{xie2015,
  title = {Dynamic Documents with {R} and knitr},
  author = {Yihui Xie},
  publisher = {Chapman and Hall/CRC},
  address = {Boca Raton, Florida},
  year = {2015},
  edition = {2nd},
  note = {ISBN 978-1498716963},
  url = {http://yihui.name/knitr/},
}

@book{kleiber2008applied,
  title={Applied econometrics with R},
  author={Kleiber, Christian and Zeileis, Achim},
  year={2008},
  publisher={Springer Science \& Business Media}
}

@book{stock2012introduction,
  title={Introduction to econometrics: Global edition},
  author={Stock, James H and Watson, Mark W},
  year={2012},
  publisher={Pearson Education Boston, MA}
}

@book{wooldridge2015introductory,
  title={Introductory econometrics: A modern approach},
  author={Wooldridge, Jeffrey M},
  year={2015},
  publisher={Nelson Education}
}


@book{heiss2016using,
  title={Using R for Introductory Econometrics},
  author={Heiss, Florian},
  year={2016},
  publisher={Florian Heiss}
}

@article{xie2017knitr,
  title={knitr: A general-purpose package for dynamic report generation in R, 2012},
  author={Xie, Yihui},
  journal={R package version},
  volume={1},
  number={3},
  year={2017}
}

@article{allaire2016rmarkdown,
  title={rmarkdown: Dynamic Documents for R},
  author={Allaire, JJ and Cheng, Joe and Xie, Yihui and McPherson, Jonathan and Chang, Winston and Allen, Jeff and Wickham, Hadley and Atkins, Aron and Hyndman, Rob and Arslan, Ruben},
  journal={R package version 0.9},
  volume={5},
  year={2016}
}

@article{team2013r,
  title={R: A language and environment for statistical computing [Internet]},
  author={Team, R Core},
  journal={Vienna, Austria: R foundation for statistical computing},
  year={2013}
}


