@book{xie2015,
  title = {Dynamic Documents with {R} and knitr},
  author = {Yihui Xie},
  publisher = {Chapman and Hall/CRC},
  address = {Boca Raton, Florida},
  year = {2015},
  edition = {2nd},
  note = {ISBN 978-1498716963},
  url = {http://yihui.name/knitr/},
}

@Manual{R-AER,
  title = {AER: Applied Econometrics with R},
  author = {Christian Kleiber and Achim Zeileis},
  year = {2017},
  note = {R package version 1.2-5},
  url = {https://CRAN.R-project.org/package=AER},
}
@Manual{R-broom,
  title = {broom: Convert Statistical Analysis Objects into
    Tidy Tibbles},
  author = {David Robinson and Alex Hayes},
  year = {2018},
  note = {R package version 0.5.0},
  url = {https://CRAN.R-project.org/package=broom},
}
@Manual{R-car,
  title = {car: Companion to Applied Regression},
  author = {John Fox and Sanford Weisberg and Brad Price},
  year = {2018},
  note = {R package version 3.0-1},
  url = {https://CRAN.R-project.org/package=car},
}
@Manual{R-ggfortify,
  title = {ggfortify: Data Visualization Tools for Statistical
    Analysis Results},
  author = {Masaaki Horikoshi and Yuan Tang},
  year = {2018},
  note = {R package version 0.4.5},
  url = {https://CRAN.R-project.org/package=ggfortify},
}
@Manual{R-ggpubr,
  title = {ggpubr: 'ggplot2' Based Publication Ready Plots},
  author = {Alboukadel Kassambara},
  year = {2018},
  note = {R package version 0.1.7},
  url = {https://CRAN.R-project.org/package=ggpubr},
}
@Manual{R-huxtable,
  title = {huxtable: Easily Create and Style Tables for LaTeX,
    HTML and Other Formats},
  author = {David Hugh-Jones},
  year = {2018},
  note = {R package version 4.1.0},
  url = {https://CRAN.R-project.org/package=huxtable},
}
@Manual{R-knitr,
  title = {knitr: A General-Purpose Package for Dynamic Report
    Generation in R},
  author = {Yihui Xie},
  year = {2018},
  note = {R package version 1.20},
  url = {https://CRAN.R-project.org/package=knitr},
}
@Manual{R-magrittr,
  title = {magrittr: A Forward-Pipe Operator for R},
  author = {Stefan Milton Bache and Hadley Wickham},
  year = {2014},
  note = {R package version 1.5},
  url = {https://CRAN.R-project.org/package=magrittr},
}
@Manual{R-MASS,
  title = {MASS: Support Functions and Datasets for Venables
    and Ripley's MASS},
  author = {Brian Ripley},
  year = {2018},
  note = {R package version 7.3-50},
  url = {https://CRAN.R-project.org/package=MASS},
}
@Manual{R-mice,
  title = {mice: Multivariate Imputation by Chained
    Equations},
  author = {Stef {van Buuren} and Karin Groothuis-Oudshoorn},
  year = {2018},
  note = {http://stefvanbuuren.github.io/mice/ , http://
    www.stefvanbuuren.nl , http://www.multiple-imputation.com},
}
@Manual{R-modelr,
  title = {modelr: Modelling Functions that Work with the
    Pipe},
  author = {Hadley Wickham},
  year = {2018},
  note = {R package version 0.1.2},
  url = {https://CRAN.R-project.org/package=modelr},
}
@Manual{R-mvtnorm,
  title = {mvtnorm: Multivariate Normal and t Distributions},
  author = {Alan Genz and Frank Bretz and Tetsuhisa Miwa and
    Xuefei Mi and Torsten Hothorn},
  year = {2018},
  note = {R package version 1.0-8},
  url = {https://CRAN.R-project.org/package=mvtnorm},
}
@Manual{R-OutliersO3,
  title = {OutliersO3: Draws Overview of Outliers (O3) Plots},
  author = {Antony Unwin},
  year = {2018},
  note = {R package version 0.5.4},
  url = {https://CRAN.R-project.org/package=OutliersO3},
}
@Manual{R-plot3D,
  title = {plot3D: Plotting Multi-Dimensional Data},
  author = {Karline Soetaert},
  year = {2017},
  note = {R package version 1.1.1},
  url = {https://CRAN.R-project.org/package=plot3D},
}
@Manual{R-PoEdata,
  title = {PoEdata: PoE data for R},
  author = {Constantin Colonescu},
  year = {2016},
  note = {R package version 0.1.0},
}
@Manual{R-quantreg,
  title = {quantreg: Quantile Regression},
  author = {Roger Koenker},
  year = {2018},
  note = {R package version 5.36},
  url = {https://CRAN.R-project.org/package=quantreg},
}
@Manual{R-robustbase,
  title = {robustbase: Basic Robust Statistics},
  author = {Valentin Todorov and Andreas Ruckstuhl and Matias
    Salibian-Barrera and Tobias Verbeke and Manuel Koller and
    Martin Maechler},
  year = {2018},
  note = {R package version 0.93-2},
  url = {https://CRAN.R-project.org/package=robustbase},
}
@Manual{R-scales,
  title = {scales: Scale Functions for Visualization},
  author = {Hadley Wickham},
  year = {2018},
  note = {R package version 1.0.0},
  url = {https://CRAN.R-project.org/package=scales},
}
@Manual{R-stargazer,
  title = {stargazer: Well-Formatted Regression and Summary
    Statistics Tables},
  author = {Marek Hlavac},
  year = {2018},
  note = {R package version 5.2.2},
  url = {https://CRAN.R-project.org/package=stargazer},
}
@Manual{R-summarytools,
  title = {summarytools: Tools to Quickly and Neatly Summarize
    Data},
  author = {Dominic Comtois},
  note = {R package version 0.8.7},
  url = {https://github.com/dcomtois/summarytools},
  year = {2018},
}
@Manual{R-tidyverse,
  title = {tidyverse: Easily Install and Load the
    'Tidyverse'},
  author = {Hadley Wickham},
  note = {http://tidyverse.tidyverse.org, https://github.com/
    tidyverse/tidyverse},
  year = {2018},
}
@Manual{R-VIM,
  title = {VIM: Visualization and Imputation of Missing
    Values},
  author = {Matthias Templ and Andreas Alfons and Alexander
    Kowarik and Bernd Prantner},
  year = {2017},
  note = {R package version 4.7.0},
  url = {https://CRAN.R-project.org/package=VIM},
}
@Manual{R-wooldridge,
  title = {wooldridge: 111 Data Sets from "Introductory
    Econometrics: A Modern Approach, 6e" by Jeffrey M.
    Wooldridge},
  author = {Justin M. Shea},
  year = {2018},
  note = {R package version 1.3.0},
  url = {https://CRAN.R-project.org/package=wooldridge},
}
